@article{fernandez:hal-00521491,
  TITLE = {{Imaging plant growth in 4D : robust tissue reconstruction and lineaging at cell resolution.}},
  AUTHOR = {Fernandez, R. and Das, Pradeep and Mirabet, V. and Moscardi, E. and Traas, Jan and Verdeil, J.-L. and Malandain, Gr{\'e}goire and Godin, Christophe},
  URL = {https://hal.archives-ouvertes.fr/hal-00521491},
  JOURNAL = {{Nature Methods}},
  PUBLISHER = {{Nature Publishing Group}},
  NUMBER = {7},
  PAGES = {547-553},
  YEAR = {2010},
  HAL_ID = {hal-00521491},
  HAL_VERSION = {v1},
}

@phdthesis{guignard:tel-01278725,
  TITLE = {{Quantitative analysis of animal morphogenesis : from high-throughput laser imaging to 4D virtual embryo in ascidians}},
  AUTHOR = {Guignard, L{\'e}o},
  URL = {https://tel.archives-ouvertes.fr/tel-01278725},
  NUMBER = {2015MONTS048},
  SCHOOL = {{Universit{\'e} Montpellier}},
  YEAR = {2015},
  MONTH = Dec,
  KEYWORDS = {Ascidian ; Development ; D{\'e}veloppement ; Segmentation ; Carte virtuelles ; Imagerie ; Ascidie ; Informatique},
  TYPE = {Theses},
  PDF = {https://tel.archives-ouvertes.fr/tel-01278725/file/41911_GUIGNARD_2015_archivage.pdf},
  HAL_ID = {tel-01278725},
  HAL_VERSION = {v2},
}

@ARTICLE{marquez-neil:pami:2014,
author={P. M\`arquez-Neila and L. Baumela and L. Alvarez},
journal={IEEE Transactions on Pattern Analysis and Machine Intelligence},
title={A Morphological Approach to Curvature-Based Evolution of Curves and Surfaces},
year={2014},
volume={36},
number={1},
pages={2-17},
keywords={computer vision;numerical analysis;partial differential equations;stability;curvature based evolution;fast contour evolution algorithms;boundary detection;tracking;computer vision;partial differential equations;curvature morphological operator;numerical stability;level set function;sophisticated numerical algorithms;geodesic active contours;turbopixels;numerical solutions;Surface morphology;Level set;Three-dimensional displays;Numerical stability;Mathematical model;Approximation methods;Active contours;Computer vision;mathematical morphology;curve evolution;level-sets;morphological snakes},
doi={10.1109/TPAMI.2013.106},
ISSN={0162-8828},
month={Jan},
}
